[gd_scene load_steps=14 format=2]

[ext_resource path="res://Stages/Options/StageOptions.cs" type="Script" id=1]
[ext_resource path="res://Common/UI/Textures/PlaceholderBG.png" type="Texture" id=2]
[ext_resource path="res://Common/UI/Fonts/FntMenuHuge.tres" type="DynamicFont" id=3]
[ext_resource path="res://Stages/Options/PnlControls.cs" type="Script" id=4]
[ext_resource path="res://Common/UI/Fonts/FntMenuVLarge.tres" type="DynamicFont" id=5]
[ext_resource path="res://Common/UI/Fonts/FntMenuMed.tres" type="DynamicFont" id=6]
[ext_resource path="res://Common/UI/Fonts/FntMenuSmall.tres" type="DynamicFont" id=7]
[ext_resource path="res://Common/UI/Fonts/FntMenuVSmall.tres" type="DynamicFont" id=8]
[ext_resource path="res://Stages/Options/PnlSound.cs" type="Script" id=9]
[ext_resource path="res://Stages/Options/PnlVolume.cs" type="Script" id=10]
[ext_resource path="res://Common/UI/Fonts/FntMenuTiny.tres" type="DynamicFont" id=11]
[ext_resource path="res://Stages/Options/PnlPlayer.cs" type="Script" id=12]
[ext_resource path="res://Stages/Options/CntOptionBtns.cs" type="Script" id=13]

[node name="StageOptions" type="Node"]
script = ExtResource( 1 )

[node name="TexBG" type="TextureRect" parent="."]
margin_right = 40.0
margin_bottom = 40.0
texture = ExtResource( 2 )

[node name="LblTitle" type="Label" parent="."]
margin_left = 2.0
margin_top = 12.0
margin_right = 479.0
margin_bottom = 72.0
custom_fonts/font = ExtResource( 3 )
text = "Options"
align = 1

[node name="OptionPnls" type="Node" parent="."]

[node name="PnlControls" type="Panel" parent="OptionPnls"]
margin_left = 117.0
margin_top = 121.0
margin_right = 461.0
margin_bottom = 684.0
script = ExtResource( 4 )

[node name="LblControls" type="Label" parent="OptionPnls/PnlControls"]
margin_left = 1.0
margin_top = 20.0
margin_right = 309.0
margin_bottom = 80.0
custom_fonts/font = ExtResource( 5 )
text = "Controls"
align = 1

[node name="PnlPlayer1" type="Panel" parent="OptionPnls/PnlControls"]
modulate = Color( 0.647059, 0.729412, 1, 1 )
margin_left = 20.0
margin_top = 74.9999
margin_right = 328.0
margin_bottom = 300.0
__meta__ = {
"_edit_use_anchors_": false
}

[node name="LblPlayer1" type="Label" parent="OptionPnls/PnlControls/PnlPlayer1"]
margin_left = 12.9236
margin_top = 6.46179
margin_right = 116.924
margin_bottom = 39.4618
custom_fonts/font = ExtResource( 6 )
text = "Player 1"
align = 1

[node name="LblLeft" type="Label" parent="OptionPnls/PnlControls/PnlPlayer1"]
margin_left = 9.06277
margin_top = 55.5713
margin_right = 49.0628
margin_bottom = 78.5713
custom_fonts/font = ExtResource( 7 )
text = "Left"

[node name="LblRight" type="Label" parent="OptionPnls/PnlControls/PnlPlayer1"]
margin_left = 164.608
margin_top = 55.571
margin_right = 215.608
margin_bottom = 78.571
custom_fonts/font = ExtResource( 7 )
text = "Right"

[node name="LblUp" type="Label" parent="OptionPnls/PnlControls/PnlPlayer1"]
margin_left = 9.06277
margin_top = 90.4649
margin_right = 49.0628
margin_bottom = 113.465
custom_fonts/font = ExtResource( 7 )
text = "Accel"
__meta__ = {
"_edit_use_anchors_": false
}

[node name="LblAttack" type="Label" parent="OptionPnls/PnlControls/PnlPlayer1"]
margin_left = 9.06318
margin_top = 125.0
margin_right = 72.0632
margin_bottom = 148.0
custom_fonts/font = ExtResource( 7 )
text = "Shoot"
__meta__ = {
"_edit_use_anchors_": false
}

[node name="LblShields" type="Label" parent="OptionPnls/PnlControls/PnlPlayer1"]
margin_left = 9.063
margin_top = 160.0
margin_right = 72.063
margin_bottom = 183.0
custom_fonts/font = ExtResource( 7 )
text = "Shields"
__meta__ = {
"_edit_use_anchors_": false
}

[node name="LblSpeed" type="Label" parent="OptionPnls/PnlControls/PnlPlayer1"]
margin_left = 9.063
margin_top = 195.0
margin_right = 72.063
margin_bottom = 218.0
custom_fonts/font = ExtResource( 7 )
text = "Speed"
__meta__ = {
"_edit_use_anchors_": false
}

[node name="LblWeapons" type="Label" parent="OptionPnls/PnlControls/PnlPlayer1"]
margin_left = 166.0
margin_top = 160.0
margin_right = 229.0
margin_bottom = 183.0
custom_fonts/font = ExtResource( 7 )
text = "Weap"
__meta__ = {
"_edit_use_anchors_": false
}

[node name="LblDown" type="Label" parent="OptionPnls/PnlControls/PnlPlayer1"]
margin_left = 164.608
margin_top = 90.465
margin_right = 219.608
margin_bottom = 113.465
custom_fonts/font = ExtResource( 7 )
text = "Decel"

[node name="LblPause" type="Label" parent="OptionPnls/PnlControls/PnlPlayer1"]
margin_left = 166.23
margin_top = 123.985
margin_right = 222.23
margin_bottom = 146.985
custom_fonts/font = ExtResource( 7 )
text = "Pause"

[node name="BtnLeft" type="Button" parent="OptionPnls/PnlControls/PnlPlayer1"]
margin_left = 81.7146
margin_top = 58.0
margin_right = 153.715
margin_bottom = 80.0
focus_mode = 0
custom_fonts/font = ExtResource( 8 )
text = "Test"
clip_text = true
__meta__ = {
"_edit_use_anchors_": false
}

[node name="BtnRight" type="Button" parent="OptionPnls/PnlControls/PnlPlayer1"]
margin_left = 227.485
margin_top = 58.0
margin_right = 299.485
margin_bottom = 80.0
focus_mode = 0
custom_fonts/font = ExtResource( 8 )
text = "Test"
clip_text = true

[node name="BtnUp" type="Button" parent="OptionPnls/PnlControls/PnlPlayer1"]
margin_left = 81.0163
margin_top = 89.1021
margin_right = 153.016
margin_bottom = 111.102
focus_mode = 0
custom_fonts/font = ExtResource( 8 )
text = "Test"
clip_text = true

[node name="BtnDown" type="Button" parent="OptionPnls/PnlControls/PnlPlayer1"]
margin_left = 227.485
margin_top = 90.4988
margin_right = 299.485
margin_bottom = 112.499
focus_mode = 0
custom_fonts/font = ExtResource( 8 )
text = "Test"
clip_text = true

[node name="BtnPause" type="Button" parent="OptionPnls/PnlControls/PnlPlayer1"]
margin_left = 227.485
margin_top = 124.019
margin_right = 299.485
margin_bottom = 146.019
focus_mode = 0
custom_fonts/font = ExtResource( 8 )
text = "Test"
clip_text = true
__meta__ = {
"_edit_use_anchors_": false
}

[node name="BtnWeap" type="Button" parent="OptionPnls/PnlControls/PnlPlayer1"]
margin_left = 227.485
margin_top = 160.387
margin_right = 299.485
margin_bottom = 184.387
focus_mode = 0
custom_fonts/font = ExtResource( 8 )
text = "Test"
clip_text = true
__meta__ = {
"_edit_use_anchors_": false
}

[node name="BtnAttack" type="Button" parent="OptionPnls/PnlControls/PnlPlayer1"]
margin_left = 81.7146
margin_top = 123.073
margin_right = 153.715
margin_bottom = 145.073
focus_mode = 0
custom_fonts/font = ExtResource( 8 )
text = "Test"
clip_text = true

[node name="BtnShields" type="Button" parent="OptionPnls/PnlControls/PnlPlayer1"]
margin_left = 83.2622
margin_top = 158.667
margin_right = 155.263
margin_bottom = 182.667
focus_mode = 0
custom_fonts/font = ExtResource( 8 )
text = "Test"
clip_text = true
__meta__ = {
"_edit_use_anchors_": false
}

[node name="BtnSpeed" type="Button" parent="OptionPnls/PnlControls/PnlPlayer1"]
margin_left = 81.7146
margin_top = 195.035
margin_right = 153.715
margin_bottom = 219.035
focus_mode = 0
custom_fonts/font = ExtResource( 8 )
text = "Test"
clip_text = true

[node name="PnlPlayer2" type="Panel" parent="OptionPnls/PnlControls"]
modulate = Color( 0.647059, 0.729412, 1, 1 )
margin_left = 20.0
margin_top = 303.175
margin_right = 328.0
margin_bottom = 528.175
__meta__ = {
"_edit_use_anchors_": false
}

[node name="LblPlayer2" type="Label" parent="OptionPnls/PnlControls/PnlPlayer2"]
margin_left = 12.9236
margin_top = 6.46179
margin_right = 116.924
margin_bottom = 39.4618
custom_fonts/font = ExtResource( 6 )
text = "Player 2"
align = 1
__meta__ = {
"_edit_use_anchors_": false
}

[node name="LblLeft" type="Label" parent="OptionPnls/PnlControls/PnlPlayer2"]
margin_left = 9.06277
margin_top = 55.5713
margin_right = 49.0628
margin_bottom = 78.5713
custom_fonts/font = ExtResource( 7 )
text = "Left"
__meta__ = {
"_edit_use_anchors_": false
}

[node name="LblRight" type="Label" parent="OptionPnls/PnlControls/PnlPlayer2"]
margin_left = 164.608
margin_top = 55.571
margin_right = 215.608
margin_bottom = 78.571
custom_fonts/font = ExtResource( 7 )
text = "Right"
__meta__ = {
"_edit_use_anchors_": false
}

[node name="LblUp" type="Label" parent="OptionPnls/PnlControls/PnlPlayer2"]
margin_left = 9.0
margin_top = 90.0
margin_right = 60.0
margin_bottom = 113.0
custom_fonts/font = ExtResource( 7 )
text = "Accel"
__meta__ = {
"_edit_use_anchors_": false
}

[node name="LblAttack" type="Label" parent="OptionPnls/PnlControls/PnlPlayer2"]
margin_left = 9.06318
margin_top = 125.0
margin_right = 72.0632
margin_bottom = 148.0
custom_fonts/font = ExtResource( 7 )
text = "Shoot"
__meta__ = {
"_edit_use_anchors_": false
}

[node name="LblDown" type="Label" parent="OptionPnls/PnlControls/PnlPlayer2"]
margin_left = 164.608
margin_top = 90.465
margin_right = 219.608
margin_bottom = 113.465
custom_fonts/font = ExtResource( 7 )
text = "Decel"
__meta__ = {
"_edit_use_anchors_": false
}

[node name="LblPause" type="Label" parent="OptionPnls/PnlControls/PnlPlayer2"]
margin_left = 163.909
margin_top = 123.969
margin_right = 219.909
margin_bottom = 146.969
custom_fonts/font = ExtResource( 7 )
text = "Pause"
__meta__ = {
"_edit_use_anchors_": false
}

[node name="LblShields" type="Label" parent="OptionPnls/PnlControls/PnlPlayer2"]
margin_left = 9.063
margin_top = 160.091
margin_right = 78.063
margin_bottom = 183.091
custom_fonts/font = ExtResource( 7 )
text = "Shields"
__meta__ = {
"_edit_use_anchors_": false
}

[node name="LblSpeed" type="Label" parent="OptionPnls/PnlControls/PnlPlayer2"]
margin_left = 9.063
margin_top = 195.091
margin_right = 72.063
margin_bottom = 218.091
custom_fonts/font = ExtResource( 7 )
text = "Speed"
__meta__ = {
"_edit_use_anchors_": false
}

[node name="LblWeapons" type="Label" parent="OptionPnls/PnlControls/PnlPlayer2"]
margin_left = 166.0
margin_top = 160.091
margin_right = 229.0
margin_bottom = 183.091
custom_fonts/font = ExtResource( 7 )
text = "Weap"
__meta__ = {
"_edit_use_anchors_": false
}

[node name="BtnLeft" type="Button" parent="OptionPnls/PnlControls/PnlPlayer2"]
margin_left = 81.7146
margin_top = 58.0
margin_right = 153.715
margin_bottom = 80.0
focus_mode = 0
custom_fonts/font = ExtResource( 8 )
text = "Test"
clip_text = true
__meta__ = {
"_edit_use_anchors_": false
}

[node name="BtnRight" type="Button" parent="OptionPnls/PnlControls/PnlPlayer2"]
margin_left = 227.485
margin_top = 58.0
margin_right = 299.485
margin_bottom = 80.0
focus_mode = 0
custom_fonts/font = ExtResource( 8 )
text = "Test"
clip_text = true
__meta__ = {
"_edit_use_anchors_": false
}

[node name="BtnUp" type="Button" parent="OptionPnls/PnlControls/PnlPlayer2"]
margin_left = 81.7146
margin_top = 90.4988
margin_right = 153.715
margin_bottom = 112.499
focus_mode = 0
custom_fonts/font = ExtResource( 8 )
text = "Test"
clip_text = true
__meta__ = {
"_edit_use_anchors_": false
}

[node name="BtnDown" type="Button" parent="OptionPnls/PnlControls/PnlPlayer2"]
margin_left = 227.485
margin_top = 90.4988
margin_right = 299.485
margin_bottom = 112.499
focus_mode = 0
custom_fonts/font = ExtResource( 8 )
text = "Test"
clip_text = true
__meta__ = {
"_edit_use_anchors_": false
}

[node name="BtnAttack" type="Button" parent="OptionPnls/PnlControls/PnlPlayer2"]
margin_left = 81.7146
margin_top = 123.771
margin_right = 153.715
margin_bottom = 145.771
focus_mode = 0
custom_fonts/font = ExtResource( 8 )
text = "Test"
clip_text = true
__meta__ = {
"_edit_use_anchors_": false
}

[node name="BtnWeap" type="Button" parent="OptionPnls/PnlControls/PnlPlayer2"]
margin_left = 227.485
margin_top = 159.704
margin_right = 299.485
margin_bottom = 183.704
focus_mode = 0
custom_fonts/font = ExtResource( 8 )
text = "Test"
clip_text = true
__meta__ = {
"_edit_use_anchors_": false
}

[node name="BtnShields" type="Button" parent="OptionPnls/PnlControls/PnlPlayer2"]
margin_left = 81.7146
margin_top = 157.985
margin_right = 153.715
margin_bottom = 181.985
focus_mode = 0
custom_fonts/font = ExtResource( 8 )
text = "Test"
clip_text = true
__meta__ = {
"_edit_use_anchors_": false
}

[node name="BtnSpeed" type="Button" parent="OptionPnls/PnlControls/PnlPlayer2"]
margin_left = 81.7146
margin_top = 194.352
margin_right = 153.715
margin_bottom = 218.352
focus_mode = 0
custom_fonts/font = ExtResource( 8 )
text = "Test"
clip_text = true

[node name="BtnPause" type="Button" parent="OptionPnls/PnlControls/PnlPlayer2"]
margin_left = 227.485
margin_top = 124.003
margin_right = 299.485
margin_bottom = 146.003
focus_mode = 0
custom_fonts/font = ExtResource( 8 )
text = "Test"
clip_text = true
__meta__ = {
"_edit_use_anchors_": false
}

[node name="LblError" type="Label" parent="OptionPnls/PnlControls"]
margin_left = 17.6694
margin_top = 535.652
margin_right = 61.6694
margin_bottom = 553.652
custom_fonts/font = ExtResource( 8 )
custom_colors/font_color = Color( 1, 0, 0, 1 )
text = "Error: "
__meta__ = {
"_edit_use_anchors_": false
}

[node name="PnlSound" type="Panel" parent="OptionPnls"]
visible = false
margin_left = 117.0
margin_top = 121.0
margin_right = 461.0
margin_bottom = 684.0
script = ExtResource( 9 )

[node name="LblSound" type="Label" parent="OptionPnls/PnlSound"]
margin_left = 18.1837
margin_top = 20.0
margin_right = 330.184
margin_bottom = 80.0
custom_fonts/font = ExtResource( 5 )
text = "Sound"
align = 1

[node name="LblError" type="Label" parent="OptionPnls/PnlSound"]
visible = false
margin_left = 17.6694
margin_top = 518.629
margin_right = 59.6694
margin_bottom = 534.629
custom_fonts/font = ExtResource( 8 )
custom_colors/font_color = Color( 1, 0, 0, 1 )
text = "Error: "

[node name="PnlVolume" type="Panel" parent="OptionPnls/PnlSound"]
modulate = Color( 0.647059, 0.729412, 1, 1 )
margin_left = 20.0
margin_top = 91.0
margin_right = 328.0
margin_bottom = 282.0
script = ExtResource( 10 )

[node name="LblVolume" type="Label" parent="OptionPnls/PnlSound/PnlVolume"]
margin_left = 12.9236
margin_top = 6.46179
margin_right = 116.924
margin_bottom = 39.4618
custom_fonts/font = ExtResource( 6 )
text = "Volume"
align = 1

[node name="LblVoice" type="Label" parent="OptionPnls/PnlSound/PnlVolume"]
margin_left = 9.063
margin_top = 55.0
margin_right = 64.063
margin_bottom = 78.0
custom_fonts/font = ExtResource( 7 )
text = "Voice"

[node name="LblEffects" type="Label" parent="OptionPnls/PnlSound/PnlVolume"]
margin_left = 9.063
margin_top = 115.0
margin_right = 74.063
margin_bottom = 138.0
custom_fonts/font = ExtResource( 7 )
text = "Effects"

[node name="LblMusic" type="Label" parent="OptionPnls/PnlSound/PnlVolume"]
margin_left = 9.063
margin_top = 85.0
margin_right = 63.063
margin_bottom = 108.0
custom_fonts/font = ExtResource( 7 )
text = "Music"

[node name="LblMaster" type="Label" parent="OptionPnls/PnlSound/PnlVolume"]
margin_left = 8.645
margin_top = 145.0
margin_right = 72.645
margin_bottom = 168.0
custom_fonts/font = ExtResource( 7 )
text = "Master"

[node name="HSlVoice" type="HSlider" parent="OptionPnls/PnlSound/PnlVolume"]
margin_left = 89.587
margin_top = 61.0
margin_right = 265.587
margin_bottom = 77.0
rect_scale = Vector2( 1, 0.9 )
__meta__ = {
"_edit_group_": true
}

[node name="Label" type="Label" parent="OptionPnls/PnlSound/PnlVolume/HSlVoice"]
margin_top = 13.0
margin_right = 9.0
margin_bottom = 29.0
custom_fonts/font = ExtResource( 11 )
text = "0"

[node name="Label2" type="Label" parent="OptionPnls/PnlSound/PnlVolume/HSlVoice"]
margin_left = 168.0
margin_top = 13.0
margin_right = 191.0
margin_bottom = 29.0
custom_fonts/font = ExtResource( 11 )
text = "100"

[node name="Label3" type="Label" parent="OptionPnls/PnlSound/PnlVolume/HSlVoice"]
margin_left = 82.0
margin_top = 12.431
margin_right = 98.0
margin_bottom = 28.431
custom_fonts/font = ExtResource( 11 )
text = "50"

[node name="HSlMusic" type="HSlider" parent="OptionPnls/PnlSound/PnlVolume"]
margin_left = 89.587
margin_top = 91.0
margin_right = 265.587
margin_bottom = 107.0
rect_scale = Vector2( 1, 0.9 )
__meta__ = {
"_edit_group_": true
}

[node name="Label" type="Label" parent="OptionPnls/PnlSound/PnlVolume/HSlMusic"]
margin_top = 13.0
margin_right = 9.0
margin_bottom = 29.0
custom_fonts/font = ExtResource( 11 )
text = "0"

[node name="Label2" type="Label" parent="OptionPnls/PnlSound/PnlVolume/HSlMusic"]
margin_left = 168.0
margin_top = 13.0
margin_right = 191.0
margin_bottom = 29.0
custom_fonts/font = ExtResource( 11 )
text = "100"

[node name="Label3" type="Label" parent="OptionPnls/PnlSound/PnlVolume/HSlMusic"]
margin_left = 82.0
margin_top = 12.431
margin_right = 98.0
margin_bottom = 28.431
custom_fonts/font = ExtResource( 11 )
text = "50"

[node name="HSlEffects" type="HSlider" parent="OptionPnls/PnlSound/PnlVolume"]
margin_left = 89.587
margin_top = 121.0
margin_right = 265.587
margin_bottom = 137.0
rect_scale = Vector2( 1, 0.9 )
__meta__ = {
"_edit_group_": true
}

[node name="Label" type="Label" parent="OptionPnls/PnlSound/PnlVolume/HSlEffects"]
margin_top = 13.0
margin_right = 9.0
margin_bottom = 29.0
custom_fonts/font = ExtResource( 11 )
text = "0"

[node name="Label2" type="Label" parent="OptionPnls/PnlSound/PnlVolume/HSlEffects"]
margin_left = 168.0
margin_top = 13.0
margin_right = 191.0
margin_bottom = 29.0
custom_fonts/font = ExtResource( 11 )
text = "100"

[node name="Label3" type="Label" parent="OptionPnls/PnlSound/PnlVolume/HSlEffects"]
margin_left = 82.0
margin_top = 12.431
margin_right = 98.0
margin_bottom = 28.431
custom_fonts/font = ExtResource( 11 )
text = "50"

[node name="HSlMaster" type="HSlider" parent="OptionPnls/PnlSound/PnlVolume"]
margin_left = 89.587
margin_top = 151.0
margin_right = 265.587
margin_bottom = 167.0
rect_scale = Vector2( 1, 0.9 )
ticks_on_borders = true
__meta__ = {
"_edit_group_": true
}

[node name="Label" type="Label" parent="OptionPnls/PnlSound/PnlVolume/HSlMaster"]
margin_top = 13.0
margin_right = 9.0
margin_bottom = 29.0
custom_fonts/font = ExtResource( 11 )
text = "0"

[node name="Label2" type="Label" parent="OptionPnls/PnlSound/PnlVolume/HSlMaster"]
margin_left = 168.0
margin_top = 13.0
margin_right = 191.0
margin_bottom = 29.0
custom_fonts/font = ExtResource( 11 )
text = "100"

[node name="Label3" type="Label" parent="OptionPnls/PnlSound/PnlVolume/HSlMaster"]
margin_left = 82.0
margin_top = 12.431
margin_right = 98.0
margin_bottom = 28.431
custom_fonts/font = ExtResource( 11 )
text = "50"

[node name="SoundPlayer" type="AudioStreamPlayer" parent="OptionPnls/PnlSound/PnlVolume"]

[node name="PnlPlayer" type="Panel" parent="OptionPnls"]
visible = false
margin_left = 117.0
margin_top = 121.0
margin_right = 461.0
margin_bottom = 684.0
script = ExtResource( 12 )

[node name="LblPlayerSettings" type="Label" parent="OptionPnls/PnlPlayer"]
margin_left = 18.1837
margin_top = 20.0
margin_right = 330.184
margin_bottom = 80.0
custom_fonts/font = ExtResource( 5 )
text = "Player Settings"
align = 1

[node name="LblError" type="Label" parent="OptionPnls/PnlPlayer"]
margin_left = 17.6694
margin_top = 518.629
margin_right = 59.6694
margin_bottom = 534.629
custom_fonts/font = ExtResource( 8 )
custom_colors/font_color = Color( 1, 0, 0, 1 )
text = "Error: "

[node name="PnlPlayer1" type="Panel" parent="OptionPnls/PnlPlayer"]
modulate = Color( 0.647059, 0.729412, 1, 1 )
margin_left = 20.0
margin_top = 91.0
margin_right = 328.0
margin_bottom = 249.0

[node name="LblPlayer1" type="Label" parent="OptionPnls/PnlPlayer/PnlPlayer1"]
margin_left = 12.9236
margin_top = 6.46179
margin_right = 116.924
margin_bottom = 39.4618
custom_fonts/font = ExtResource( 6 )
text = "Player 1"
align = 1

[node name="LblName" type="Label" parent="OptionPnls/PnlPlayer/PnlPlayer1"]
margin_left = 9.06277
margin_top = 55.5713
margin_right = 49.0628
margin_bottom = 78.5713
custom_fonts/font = ExtResource( 7 )
text = "Name"

[node name="LEdName" type="LineEdit" parent="OptionPnls/PnlPlayer/PnlPlayer1"]
margin_left = 83.054
margin_top = 51.4
margin_right = 227.054
margin_bottom = 84.4
custom_fonts/font = ExtResource( 7 )
text = "Player1"

[node name="PnlPlayer2" type="Panel" parent="OptionPnls/PnlPlayer"]
modulate = Color( 0.647059, 0.729412, 1, 1 )
margin_left = 20.0
margin_top = 280.964
margin_right = 328.0
margin_bottom = 438.964

[node name="LblPlayer2" type="Label" parent="OptionPnls/PnlPlayer/PnlPlayer2"]
margin_left = 12.9236
margin_top = 6.46179
margin_right = 116.924
margin_bottom = 39.4618
custom_fonts/font = ExtResource( 6 )
text = "Player 2"
align = 1

[node name="LblName" type="Label" parent="OptionPnls/PnlPlayer/PnlPlayer2"]
margin_left = 9.06277
margin_top = 55.5713
margin_right = 49.0628
margin_bottom = 78.5713
custom_fonts/font = ExtResource( 7 )
text = "Name"

[node name="LEdName" type="LineEdit" parent="OptionPnls/PnlPlayer/PnlPlayer2"]
margin_left = 83.0544
margin_top = 50.6075
margin_right = 227.054
margin_bottom = 83.6075
custom_fonts/font = ExtResource( 7 )
text = "Player2"

[node name="CntOptionBtns" type="Node" parent="."]
script = ExtResource( 13 )

[node name="BtnControls" type="Button" parent="CntOptionBtns"]
margin_left = 17.9358
margin_top = 121.0
margin_right = 117.936
margin_bottom = 241.0
custom_fonts/font = ExtResource( 7 )
disabled = true
text = "Controls"

[node name="BtnSound" type="Button" parent="CntOptionBtns"]
margin_left = 17.9358
margin_top = 240.0
margin_right = 117.936
margin_bottom = 360.0
custom_fonts/font = ExtResource( 7 )
text = "Sound"

[node name="BtnPlayer" type="Button" parent="CntOptionBtns"]
margin_left = 17.9358
margin_top = 359.0
margin_right = 117.936
margin_bottom = 479.0
custom_fonts/font = ExtResource( 7 )
text = "Player"

[node name="BtnMainMenu" type="Button" parent="."]
margin_left = 174.0
margin_top = 706.538
margin_right = 360.0
margin_bottom = 776.538
custom_fonts/font = ExtResource( 6 )
text = "Main Menu"
[connection signal="pressed" from="OptionPnls/PnlControls/PnlPlayer1/BtnLeft" to="OptionPnls/PnlControls" method="_on_BtnInput_pressed" binds= [ 0 ]]
[connection signal="pressed" from="OptionPnls/PnlControls/PnlPlayer1/BtnRight" to="OptionPnls/PnlControls" method="_on_BtnInput_pressed" binds= [ 1 ]]
[connection signal="pressed" from="OptionPnls/PnlControls/PnlPlayer1/BtnUp" to="OptionPnls/PnlControls" method="_on_BtnInput_pressed" binds= [ 2 ]]
[connection signal="pressed" from="OptionPnls/PnlControls/PnlPlayer1/BtnDown" to="OptionPnls/PnlControls" method="_on_BtnInput_pressed" binds= [ 3 ]]
[connection signal="pressed" from="OptionPnls/PnlControls/PnlPlayer1/BtnPause" to="OptionPnls/PnlControls" method="_on_BtnInput_pressed" binds= [ 5 ]]
[connection signal="pressed" from="OptionPnls/PnlControls/PnlPlayer1/BtnWeap" to="OptionPnls/PnlControls" method="_on_BtnInput_pressed" binds= [ 13 ]]
[connection signal="pressed" from="OptionPnls/PnlControls/PnlPlayer1/BtnAttack" to="OptionPnls/PnlControls" method="_on_BtnInput_pressed" binds= [ 4 ]]
[connection signal="pressed" from="OptionPnls/PnlControls/PnlPlayer1/BtnShields" to="OptionPnls/PnlControls" method="_on_BtnInput_pressed" binds= [ 12 ]]
[connection signal="pressed" from="OptionPnls/PnlControls/PnlPlayer1/BtnSpeed" to="OptionPnls/PnlControls" method="_on_BtnInput_pressed" binds= [ 14 ]]
[connection signal="pressed" from="OptionPnls/PnlControls/PnlPlayer2/BtnLeft" to="OptionPnls/PnlControls" method="_on_BtnInput_pressed" binds= [ 6 ]]
[connection signal="pressed" from="OptionPnls/PnlControls/PnlPlayer2/BtnRight" to="OptionPnls/PnlControls" method="_on_BtnInput_pressed" binds= [ 7 ]]
[connection signal="pressed" from="OptionPnls/PnlControls/PnlPlayer2/BtnUp" to="OptionPnls/PnlControls" method="_on_BtnInput_pressed" binds= [ 8 ]]
[connection signal="pressed" from="OptionPnls/PnlControls/PnlPlayer2/BtnDown" to="OptionPnls/PnlControls" method="_on_BtnInput_pressed" binds= [ 9 ]]
[connection signal="pressed" from="OptionPnls/PnlControls/PnlPlayer2/BtnAttack" to="OptionPnls/PnlControls" method="_on_BtnInput_pressed" binds= [ 10 ]]
[connection signal="pressed" from="OptionPnls/PnlControls/PnlPlayer2/BtnWeap" to="OptionPnls/PnlControls" method="_on_BtnInput_pressed" binds= [ 16 ]]
[connection signal="pressed" from="OptionPnls/PnlControls/PnlPlayer2/BtnShields" to="OptionPnls/PnlControls" method="_on_BtnInput_pressed" binds= [ 15 ]]
[connection signal="pressed" from="OptionPnls/PnlControls/PnlPlayer2/BtnSpeed" to="OptionPnls/PnlControls" method="_on_BtnInput_pressed" binds= [ 17 ]]
[connection signal="pressed" from="OptionPnls/PnlControls/PnlPlayer2/BtnPause" to="OptionPnls/PnlControls" method="_on_BtnInput_pressed" binds= [ 11 ]]
[connection signal="value_changed" from="OptionPnls/PnlSound/PnlVolume/HSlVoice" to="OptionPnls/PnlSound/PnlVolume" method="_on_HSlSound_value_changed" binds= [ 0 ]]
[connection signal="value_changed" from="OptionPnls/PnlSound/PnlVolume/HSlMusic" to="OptionPnls/PnlSound/PnlVolume" method="_on_HSlSound_value_changed" binds= [ 1 ]]
[connection signal="value_changed" from="OptionPnls/PnlSound/PnlVolume/HSlEffects" to="OptionPnls/PnlSound/PnlVolume" method="_on_HSlSound_value_changed" binds= [ 2 ]]
[connection signal="value_changed" from="OptionPnls/PnlSound/PnlVolume/HSlMaster" to="OptionPnls/PnlSound/PnlVolume" method="_on_HSlSound_value_changed" binds= [ 3 ]]
[connection signal="focus_exited" from="OptionPnls/PnlPlayer/PnlPlayer1/LEdName" to="OptionPnls/PnlPlayer" method="_on_LEdName_focus_exited"]
[connection signal="focus_exited" from="OptionPnls/PnlPlayer/PnlPlayer1/LEdName" to="OptionPnls/PnlPlayer" method="_on_LEdName1_focus_exited"]
[connection signal="text_changed" from="OptionPnls/PnlPlayer/PnlPlayer1/LEdName" to="OptionPnls/PnlPlayer" method="_on_LEdName_text_changed"]
[connection signal="text_entered" from="OptionPnls/PnlPlayer/PnlPlayer1/LEdName" to="OptionPnls/PnlPlayer" method="_on_LEdName_text_entered" binds= [ 1 ]]
[connection signal="focus_exited" from="OptionPnls/PnlPlayer/PnlPlayer2/LEdName" to="OptionPnls/PnlPlayer" method="_on_LEdName2_focus_exited"]
[connection signal="focus_exited" from="OptionPnls/PnlPlayer/PnlPlayer2/LEdName" to="OptionPnls/PnlPlayer" method="_on_LEdName_focus_exited"]
[connection signal="text_changed" from="OptionPnls/PnlPlayer/PnlPlayer2/LEdName" to="OptionPnls/PnlPlayer" method="_on_LEdName_text_changed"]
[connection signal="text_entered" from="OptionPnls/PnlPlayer/PnlPlayer2/LEdName" to="OptionPnls/PnlPlayer" method="_on_LEdName_text_entered" binds= [ 2 ]]
[connection signal="pressed" from="CntOptionBtns/BtnControls" to="." method="_on_BtnControls_pressed"]
[connection signal="pressed" from="CntOptionBtns/BtnSound" to="." method="_on_BtnSound_pressed"]
[connection signal="pressed" from="CntOptionBtns/BtnPlayer" to="." method="_on_BtnPlayer_pressed"]
[connection signal="pressed" from="BtnMainMenu" to="." method="_on_BtnMainMenu_pressed"]
