[gd_scene load_steps=18 format=2]

[ext_resource path="res://Entities/Fox/Textures/Foxy.png" type="Texture" id=1]
[ext_resource path="res://Entities/Fox/Fox.cs" type="Script" id=2]
[ext_resource path="res://Entities/Fox/Textures/Hatching foxy.png" type="Texture" id=10]

[sub_resource type="RectangleShape2D" id=1]
extents = Vector2( 59, 85 )

[sub_resource type="Animation" id=2]
resource_name = "Baby"
length = 3.0
tracks/0/type = "value"
tracks/0/path = NodePath("FoxSprite:frame")
tracks/0/interp = 1
tracks/0/loop_wrap = true
tracks/0/imported = false
tracks/0/enabled = true
tracks/0/keys = {
"times": PoolRealArray( 0.2, 0.5, 0.9, 1.2, 2.9 ),
"transitions": PoolRealArray( 1, 1, 1, 1, 1 ),
"update": 1,
"values": [ 1, 2, 3, 4, 17 ]
}
tracks/1/type = "value"
tracks/1/path = NodePath("FoxSprite:texture")
tracks/1/interp = 1
tracks/1/loop_wrap = true
tracks/1/imported = false
tracks/1/enabled = true
tracks/1/keys = {
"times": PoolRealArray( 0, 1.3, 2.8 ),
"transitions": PoolRealArray( 1, 0.535887, 1 ),
"update": 1,
"values": [ ExtResource( 10 ), ExtResource( 10 ), ExtResource( 1 ) ]
}
tracks/2/type = "value"
tracks/2/path = NodePath("FoxSprite:hframes")
tracks/2/interp = 1
tracks/2/loop_wrap = true
tracks/2/imported = false
tracks/2/enabled = true
tracks/2/keys = {
"times": PoolRealArray( 0.1, 1.3, 2.8 ),
"transitions": PoolRealArray( 1, 1, 1 ),
"update": 1,
"values": [ 4, 4, 25 ]
}

[sub_resource type="Animation" id=3]
tracks/0/type = "value"
tracks/0/path = NodePath("FoxSprite:frame")
tracks/0/interp = 1
tracks/0/loop_wrap = true
tracks/0/imported = false
tracks/0/enabled = true
tracks/0/keys = {
"times": PoolRealArray( 0.2 ),
"transitions": PoolRealArray( 1 ),
"update": 1,
"values": [ 18 ]
}
tracks/1/type = "value"
tracks/1/path = NodePath("FoxSprite:position")
tracks/1/interp = 1
tracks/1/loop_wrap = true
tracks/1/imported = false
tracks/1/enabled = true
tracks/1/keys = {
"times": PoolRealArray( 0, 1 ),
"transitions": PoolRealArray( 1, 1 ),
"update": 0,
"values": [ Vector2( 0, 0 ), Vector2( 0, -350 ) ]
}
tracks/2/type = "value"
tracks/2/path = NodePath("FoxSprite:self_modulate")
tracks/2/interp = 1
tracks/2/loop_wrap = true
tracks/2/imported = false
tracks/2/enabled = true
tracks/2/keys = {
"times": PoolRealArray( 0, 1 ),
"transitions": PoolRealArray( 1, 1 ),
"update": 0,
"values": [ Color( 1, 1, 1, 1 ), Color( 1, 1, 1, 0 ) ]
}
tracks/3/type = "value"
tracks/3/path = NodePath("FoxSprite:texture")
tracks/3/interp = 1
tracks/3/loop_wrap = true
tracks/3/imported = false
tracks/3/enabled = true
tracks/3/keys = {
"times": PoolRealArray( 0, 1.1 ),
"transitions": PoolRealArray( 1, 1 ),
"update": 1,
"values": [ ExtResource( 1 ), ExtResource( 1 ) ]
}
tracks/4/type = "value"
tracks/4/path = NodePath("FoxSprite:hframes")
tracks/4/interp = 1
tracks/4/loop_wrap = true
tracks/4/imported = false
tracks/4/enabled = true
tracks/4/keys = {
"times": PoolRealArray( 0.1, 1.2 ),
"transitions": PoolRealArray( 1, 1 ),
"update": 1,
"values": [ 25, 25 ]
}

[sub_resource type="Animation" id=4]
length = 1.3
tracks/0/type = "value"
tracks/0/path = NodePath("FoxSprite:hframes")
tracks/0/interp = 1
tracks/0/loop_wrap = true
tracks/0/imported = false
tracks/0/enabled = true
tracks/0/keys = {
"times": PoolRealArray( 0.1, 1.2 ),
"transitions": PoolRealArray( 1, 1 ),
"update": 1,
"values": [ 25, 25 ]
}
tracks/1/type = "value"
tracks/1/path = NodePath("FoxSprite:frame")
tracks/1/interp = 1
tracks/1/loop_wrap = true
tracks/1/imported = false
tracks/1/enabled = true
tracks/1/keys = {
"times": PoolRealArray( 0.1, 0.3, 0.5, 0.7 ),
"transitions": PoolRealArray( 1, 1, 1, 1 ),
"update": 1,
"values": [ 11, 12, 11, 12 ]
}
tracks/2/type = "value"
tracks/2/path = NodePath("FoxSprite:texture")
tracks/2/interp = 1
tracks/2/loop_wrap = true
tracks/2/imported = false
tracks/2/enabled = true
tracks/2/keys = {
"times": PoolRealArray( -0.1, 1.2 ),
"transitions": PoolRealArray( 1, 1 ),
"update": 1,
"values": [ ExtResource( 1 ), ExtResource( 1 ) ]
}

[sub_resource type="Animation" id=5]
length = 1.3
tracks/0/type = "value"
tracks/0/path = NodePath("FoxSprite:hframes")
tracks/0/interp = 1
tracks/0/loop_wrap = true
tracks/0/imported = false
tracks/0/enabled = true
tracks/0/keys = {
"times": PoolRealArray( 0.1, 1.3 ),
"transitions": PoolRealArray( 1, 1 ),
"update": 1,
"values": [ 25, 25 ]
}
tracks/1/type = "value"
tracks/1/path = NodePath("FoxSprite:frame")
tracks/1/interp = 1
tracks/1/loop_wrap = true
tracks/1/imported = false
tracks/1/enabled = true
tracks/1/keys = {
"times": PoolRealArray( 0.2, 0.5, 0.8, 1.2 ),
"transitions": PoolRealArray( 1, 1, 1, 1 ),
"update": 1,
"values": [ 13, 14, 15, 16 ]
}
tracks/2/type = "value"
tracks/2/path = NodePath("FoxSprite:texture")
tracks/2/interp = 1
tracks/2/loop_wrap = true
tracks/2/imported = false
tracks/2/enabled = true
tracks/2/keys = {
"times": PoolRealArray( -0.1, 1.4 ),
"transitions": PoolRealArray( 1, 1 ),
"update": 1,
"values": [ ExtResource( 1 ), ExtResource( 1 ) ]
}

[sub_resource type="Animation" id=6]
length = 2.2
tracks/0/type = "value"
tracks/0/path = NodePath("FoxSprite:hframes")
tracks/0/interp = 1
tracks/0/loop_wrap = true
tracks/0/imported = false
tracks/0/enabled = true
tracks/0/keys = {
"times": PoolRealArray( 0.1, 2.5 ),
"transitions": PoolRealArray( 1, 1 ),
"update": 1,
"values": [ 25, 25 ]
}
tracks/1/type = "value"
tracks/1/path = NodePath("FoxSprite:frame")
tracks/1/interp = 1
tracks/1/loop_wrap = true
tracks/1/imported = false
tracks/1/enabled = true
tracks/1/keys = {
"times": PoolRealArray( 0.2, 0.3, 0.6, 0.9, 1.2, 1.5, 1.8, 2 ),
"transitions": PoolRealArray( 1, 1, 1, 1, 1, 1, 1, 1 ),
"update": 1,
"values": [ 17, 18, 19, 20, 21, 22, 23, 24 ]
}
tracks/2/type = "value"
tracks/2/path = NodePath("FoxSprite:self_modulate")
tracks/2/interp = 1
tracks/2/loop_wrap = true
tracks/2/imported = false
tracks/2/enabled = false
tracks/2/keys = {
"times": PoolRealArray( 0.4, 1.7 ),
"transitions": PoolRealArray( 1, 1 ),
"update": 0,
"values": [ Color( 1, 1, 1, 1 ), Color( 1, 1, 1, 1 ) ]
}
tracks/3/type = "method"
tracks/3/path = NodePath(".")
tracks/3/interp = 1
tracks/3/loop_wrap = true
tracks/3/imported = false
tracks/3/enabled = true
tracks/3/keys = {
"times": PoolRealArray( 1, 1.1 ),
"transitions": PoolRealArray( 1, 1 ),
"values": [ {
"args": [  ],
"method": "FlashFox"
}, {
"args": [  ],
"method": "UnflashFox"
} ]
}
tracks/4/type = "value"
tracks/4/path = NodePath("FoxSprite:texture")
tracks/4/interp = 1
tracks/4/loop_wrap = true
tracks/4/imported = false
tracks/4/enabled = true
tracks/4/keys = {
"times": PoolRealArray( -0.1, 2.2 ),
"transitions": PoolRealArray( 1, 1 ),
"update": 1,
"values": [ ExtResource( 1 ), ExtResource( 1 ) ]
}

[sub_resource type="Animation" id=7]
length = 1.5
tracks/0/type = "value"
tracks/0/path = NodePath("FoxSprite:hframes")
tracks/0/interp = 1
tracks/0/loop_wrap = true
tracks/0/imported = false
tracks/0/enabled = true
tracks/0/keys = {
"times": PoolRealArray( 0.1, 1.5 ),
"transitions": PoolRealArray( 1, 1 ),
"update": 1,
"values": [ 25, 25 ]
}
tracks/1/type = "value"
tracks/1/path = NodePath("FoxSprite:frame")
tracks/1/interp = 1
tracks/1/loop_wrap = true
tracks/1/imported = false
tracks/1/enabled = true
tracks/1/keys = {
"times": PoolRealArray( 0.2, 0.4, 0.7, 1.2 ),
"transitions": PoolRealArray( 1, 1, 1, 1 ),
"update": 1,
"values": [ 17, 18, 17, 17 ]
}
tracks/2/type = "value"
tracks/2/path = NodePath("FoxSprite:texture")
tracks/2/interp = 1
tracks/2/loop_wrap = true
tracks/2/imported = false
tracks/2/enabled = true
tracks/2/keys = {
"times": PoolRealArray( 0, 1.5 ),
"transitions": PoolRealArray( 1, 1 ),
"update": 1,
"values": [ ExtResource( 1 ), ExtResource( 1 ) ]
}

[sub_resource type="Animation" id=8]
length = 2.2
tracks/0/type = "value"
tracks/0/path = NodePath("FoxSprite:hframes")
tracks/0/interp = 1
tracks/0/loop_wrap = true
tracks/0/imported = false
tracks/0/enabled = true
tracks/0/keys = {
"times": PoolRealArray( 0, 2.2 ),
"transitions": PoolRealArray( 1, 1 ),
"update": 1,
"values": [ 25, 25 ]
}
tracks/1/type = "value"
tracks/1/path = NodePath("FoxSprite:frame")
tracks/1/interp = 1
tracks/1/loop_wrap = true
tracks/1/imported = false
tracks/1/enabled = true
tracks/1/keys = {
"times": PoolRealArray( 0.2, 0.4, 0.6, 0.9, 1.2, 1.5, 1.8, 2 ),
"transitions": PoolRealArray( 1, 1, 1, 1, 1, 1, 1, 1 ),
"update": 1,
"values": [ 17, 18, 19, 20, 21, 22, 23, 24 ]
}
tracks/2/type = "value"
tracks/2/path = NodePath("FoxSprite:texture")
tracks/2/interp = 1
tracks/2/loop_wrap = true
tracks/2/imported = false
tracks/2/enabled = true
tracks/2/keys = {
"times": PoolRealArray( -0.1, 2.2 ),
"transitions": PoolRealArray( 1, 1 ),
"update": 1,
"values": [ ExtResource( 1 ), ExtResource( 1 ) ]
}

[sub_resource type="Animation" id=9]
resource_name = "Scared"
tracks/0/type = "value"
tracks/0/path = NodePath("FoxSprite:hframes")
tracks/0/interp = 1
tracks/0/loop_wrap = true
tracks/0/imported = false
tracks/0/enabled = true
tracks/0/keys = {
"times": PoolRealArray( 0.1, 1 ),
"transitions": PoolRealArray( 1, 1 ),
"update": 1,
"values": [ 25, 25 ]
}
tracks/1/type = "value"
tracks/1/path = NodePath("FoxSprite:frame")
tracks/1/interp = 1
tracks/1/loop_wrap = true
tracks/1/imported = false
tracks/1/enabled = true
tracks/1/keys = {
"times": PoolRealArray( 0.2, 0.5, 0.8 ),
"transitions": PoolRealArray( 1, 1, 1 ),
"update": 1,
"values": [ 25, 26, 27 ]
}
tracks/2/type = "value"
tracks/2/path = NodePath("FoxSprite:texture")
tracks/2/interp = 1
tracks/2/loop_wrap = true
tracks/2/imported = false
tracks/2/enabled = true
tracks/2/keys = {
"times": PoolRealArray( 0 ),
"transitions": PoolRealArray( 1 ),
"update": 1,
"values": [ ExtResource( 1 ) ]
}

[sub_resource type="Animation" id=10]
length = 0.9
tracks/0/type = "value"
tracks/0/path = NodePath("FoxSprite:hframes")
tracks/0/interp = 1
tracks/0/loop_wrap = true
tracks/0/imported = false
tracks/0/enabled = true
tracks/0/keys = {
"times": PoolRealArray( 0.1, 0.9 ),
"transitions": PoolRealArray( 1, 1 ),
"update": 1,
"values": [ 25, 25 ]
}
tracks/1/type = "value"
tracks/1/path = NodePath("FoxSprite:frame")
tracks/1/interp = 1
tracks/1/loop_wrap = true
tracks/1/imported = false
tracks/1/enabled = true
tracks/1/keys = {
"times": PoolRealArray( 0.2, 0.4, 0.7 ),
"transitions": PoolRealArray( 1, 1, 1 ),
"update": 1,
"values": [ 1, 1, 2 ]
}
tracks/2/type = "value"
tracks/2/path = NodePath("FoxSprite:texture")
tracks/2/interp = 1
tracks/2/loop_wrap = true
tracks/2/imported = false
tracks/2/enabled = true
tracks/2/keys = {
"times": PoolRealArray( -0.1, 0.9 ),
"transitions": PoolRealArray( 1, 1 ),
"update": 1,
"values": [ ExtResource( 1 ), ExtResource( 1 ) ]
}

[sub_resource type="Animation" id=11]
length = 5.0
tracks/0/type = "value"
tracks/0/path = NodePath("FoxSprite:hframes")
tracks/0/interp = 1
tracks/0/loop_wrap = true
tracks/0/imported = false
tracks/0/enabled = true
tracks/0/keys = {
"times": PoolRealArray( 0.1, 5.1 ),
"transitions": PoolRealArray( 1, 1 ),
"update": 1,
"values": [ 25, 25 ]
}
tracks/1/type = "value"
tracks/1/path = NodePath("FoxSprite:frame")
tracks/1/interp = 1
tracks/1/loop_wrap = true
tracks/1/imported = false
tracks/1/enabled = true
tracks/1/keys = {
"times": PoolRealArray( 0.2, 0.8, 4.6 ),
"transitions": PoolRealArray( 1, 1, 1 ),
"update": 1,
"values": [ 3, 4, 4 ]
}
tracks/2/type = "value"
tracks/2/path = NodePath("FoxSprite:texture")
tracks/2/interp = 1
tracks/2/loop_wrap = true
tracks/2/imported = false
tracks/2/enabled = true
tracks/2/keys = {
"times": PoolRealArray( 0, 5.1 ),
"transitions": PoolRealArray( 1, 1 ),
"update": 1,
"values": [ ExtResource( 1 ), ExtResource( 1 ) ]
}

[sub_resource type="Animation" id=12]
resource_name = "Sleeping2"
length = 5.0
tracks/0/type = "value"
tracks/0/path = NodePath("FoxSprite:hframes")
tracks/0/interp = 1
tracks/0/loop_wrap = true
tracks/0/imported = false
tracks/0/enabled = true
tracks/0/keys = {
"times": PoolRealArray( 0.1, 5.1 ),
"transitions": PoolRealArray( 1, 1 ),
"update": 1,
"values": [ 25, 25 ]
}
tracks/1/type = "value"
tracks/1/path = NodePath("FoxSprite:frame")
tracks/1/interp = 1
tracks/1/loop_wrap = true
tracks/1/imported = false
tracks/1/enabled = true
tracks/1/keys = {
"times": PoolRealArray( 0.2, 0.8, 4.6 ),
"transitions": PoolRealArray( 1, 1, 1 ),
"update": 1,
"values": [ 5, 6, 6 ]
}
tracks/2/type = "value"
tracks/2/path = NodePath("FoxSprite:texture")
tracks/2/interp = 1
tracks/2/loop_wrap = true
tracks/2/imported = false
tracks/2/enabled = true
tracks/2/keys = {
"times": PoolRealArray( 0, 5.1 ),
"transitions": PoolRealArray( 1, 1 ),
"update": 1,
"values": [ ExtResource( 1 ), ExtResource( 1 ) ]
}

[sub_resource type="Animation" id=13]
resource_name = "Sleeping3"
length = 5.0
tracks/0/type = "value"
tracks/0/path = NodePath("FoxSprite:hframes")
tracks/0/interp = 1
tracks/0/loop_wrap = true
tracks/0/imported = false
tracks/0/enabled = true
tracks/0/keys = {
"times": PoolRealArray( 0.1, 5.1 ),
"transitions": PoolRealArray( 1, 1 ),
"update": 1,
"values": [ 25, 25 ]
}
tracks/1/type = "value"
tracks/1/path = NodePath("FoxSprite:frame")
tracks/1/interp = 1
tracks/1/loop_wrap = true
tracks/1/imported = false
tracks/1/enabled = true
tracks/1/keys = {
"times": PoolRealArray( 0.2, 0.6, 1, 1.4, 4.7 ),
"transitions": PoolRealArray( 1, 1, 1, 1, 1 ),
"update": 1,
"values": [ 7, 8, 9, 10, 10 ]
}
tracks/2/type = "value"
tracks/2/path = NodePath("FoxSprite:texture")
tracks/2/interp = 1
tracks/2/loop_wrap = true
tracks/2/imported = false
tracks/2/enabled = true
tracks/2/keys = {
"times": PoolRealArray( 0, 5.1 ),
"transitions": PoolRealArray( 1, 1 ),
"update": 1,
"values": [ ExtResource( 1 ), ExtResource( 1 ) ]
}

[sub_resource type="RectangleShape2D" id=14]
extents = Vector2( 36.8349, 53.1636 )

[node name="Fox" type="Area2D"]
scale = Vector2( 2, 2 )
script = ExtResource( 2 )

[node name="FoxSprite" type="Sprite" parent="."]
scale = Vector2( 0.334375, 0.329688 )
texture = ExtResource( 1 )
vframes = 2
hframes = 25
frame = 17
region_rect = Rect2( -4, 0, 500, 438 )

[node name="CollisionShape2D" type="CollisionShape2D" parent="."]
visible = false
shape = SubResource( 1 )

[node name="Anim" type="AnimationPlayer" parent="."]
anims/Baby = SubResource( 2 )
anims/Die = SubResource( 3 )
anims/Happy = SubResource( 4 )
anims/Hungry = SubResource( 5 )
anims/Hurt = SubResource( 6 )
anims/Idle = SubResource( 7 )
anims/Sad = SubResource( 8 )
anims/Scared = SubResource( 9 )
anims/Sick = SubResource( 10 )
anims/Sleeping = SubResource( 11 )
anims/Sleeping2 = SubResource( 12 )
anims/Sleeping3 = SubResource( 13 )

[node name="Timer" type="Timer" parent="."]
wait_time = 3.0
one_shot = true

[node name="SoundPlayer" type="AudioStreamPlayer2D" parent="."]
position = Vector2( 35.2778, 84.4147 )

[node name="Area2D" type="Area2D" parent="."]
visible = false
position = Vector2( -20, -51 )

[node name="CollisionShape2D" type="CollisionShape2D" parent="Area2D"]
position = Vector2( 34.2961, 55.9762 )
shape = SubResource( 14 )

[node name="TextureRect" type="TextureRect" parent="."]
modulate = Color( 1, 1, 1, 0 )
margin_left = -20.0
margin_top = -51.0
margin_right = 55.0
margin_bottom = 63.0
expand = true
__meta__ = {
"_edit_use_anchors_": false
}
[connection signal="mouse_entered" from="." to="." method="OnMouseEntered"]
[connection signal="mouse_exited" from="." to="." method="OnMouseExited"]
[connection signal="animation_finished" from="Anim" to="." method="OnAnimationFinished"]
[connection signal="gui_input" from="TextureRect" to="." method="OnFoxGUIInput"]
